<?xml version="1.0" encoding="UTF-8"?><collection><record><leader>04589ntm a2200565 a 4500</leader><controlfield tag="001">006819128</controlfield><controlfield tag="003">MiAaHDL</controlfield><controlfield tag="005">20190719000000.0</controlfield><controlfield tag="006">m        d        </controlfield><controlfield tag="007">cr bn ---auaua</controlfield><controlfield tag="008">090616s193u    xx            00| ||ara d</controlfield><datafield tag="035" ind1=" " ind2=" "><subfield code="a">(MiU)006819128</subfield></datafield><datafield tag="035" ind1=" " ind2=" "><subfield code="a">sdr-miu006819128</subfield></datafield><datafield tag="040" ind1=" " ind2=" "><subfield code="a">MiU</subfield><subfield code="c">MiU</subfield><subfield code="e">amremm</subfield></datafield><datafield tag="043" ind1=" " ind2=" "><subfield code="a">n-us-mi</subfield></datafield><datafield tag="100" ind1="0" ind2=" "><subfield code="6">880-01</subfield><subfield code="a">Ghazzālī,</subfield><subfield code="d">1058-1111.</subfield></datafield><datafield tag="240" ind1="1" ind2="0"><subfield code="6">880-02</subfield><subfield code="a">Mishkāt al-anwār</subfield></datafield><datafield tag="245" ind1="1" ind2="0"><subfield code="6">880-03</subfield><subfield code="a">Kitāb Mishkāt al-anwār fī al-tawḥīd wa-qism al-mukāshafah min qismay ʻulūm al-ṣūfīyah,</subfield><subfield code="f">[193-?].</subfield></datafield><datafield tag="246" ind1="3" ind2="8"><subfield code="a">مشكاة الانوار</subfield></datafield><datafield tag="246" ind1="3" ind2=" "><subfield code="i">Title from inscription on 'title page' of second section (p.11):</subfield><subfield code="a">كتاب مشكاة الانوار في التوحيد وعلم المكاشفة من قسمي علوم الصوفية</subfield></datafield><datafield tag="260" ind1=" " ind2=" "><subfield code="c">[193-?].</subfield></datafield><datafield tag="300" ind1=" " ind2=" "><subfield code="a">26 leaves :</subfield><subfield code="b">paper ;</subfield><subfield code="c">283-306 x 200-215 mm. bound to 313 x 225 mm.</subfield></datafield><datafield tag="500" ind1=" " ind2=" "><subfield code="a">Shelfmark: Ann Arbor, University of Michigan, Special Collections Library, Isl. Ms. 911</subfield></datafield><datafield tag="500" ind1=" " ind2=" "><subfield code="a">Origin: Lacks dated colophon ; likely copied in Egypt in the late 1930s and bound for James Heyworth-Dunne (d.1974).</subfield></datafield><datafield tag="500" ind1=" " ind2=" "><subfield code="a">Accompanying materials: Slip of yellow tissue weight paper with note in purple pencil "مشكاة الانوار للغزالي ٦" (paginated pp.1-2).</subfield></datafield><datafield tag="500" ind1=" " ind2=" "><subfield code="a">Former shelfmark: Mich. Isl. Ms. temp. no. 60</subfield></datafield><datafield tag="500" ind1=" " ind2=" "><subfield code="a">Binding: Boards covered in dark green cloth with dark green leather over spine (quarter binding) ; pastedowns and flyleaves in wove paper printed with a floral vegetal pattern in green ; spine gold-stamped with title and decorative accents over raised bands "مشكاة الانوار للغزالى | J.H.D." ; sewing difficult to examine ; stuck-on endbands (blue and white stripe) ; overall in fairly good condition with minor abrasion.</subfield></datafield><datafield tag="500" ind1=" " ind2=" "><subfield code="a">Support: Wove paper of two main types (unlined) and machine laid paper (lined).</subfield></datafield><datafield tag="500" ind1=" " ind2=" "><subfield code="a">Decoration: Entire text in red ink ; most 'title page' inscriptions in pencil.</subfield></datafield><datafield tag="500" ind1=" " ind2=" "><subfield code="a">Script: Ruqʻah ; quick, compact hand in a medium line ; serifless and freely ligatured with mainly closed counters, slight effect of words descending to baseline and inclination to the left, pointing somewhat careless and in strokes rather than distinct dots, final yāʼ usually unpointed.</subfield></datafield><datafield tag="500" ind1=" " ind2=" "><subfield code="a">Layout: Written in 16-26 lines per page ; not frame-ruled ; where paper is unlined, lines typically slant upward.</subfield></datafield><datafield tag="500" ind1=" " ind2=" "><subfield code="a">Collation: Leaves between sections left fully blank or partially blank (serving as 'title pages' for the various sections, see pp.3, 11, 19, 27, 39, 47) ; pagination in pencil, Western numerals, supplied during digitization (includes insert).</subfield></datafield><datafield tag="500" ind1=" " ind2=" "><subfield code="a">Explicit: "وانما الذي يمكنني الآن ان اعرفك هذه الاقسام وبعض اصناف كل قسم فاقول"</subfield></datafield><datafield tag="500" ind1=" " ind2=" "><subfield code="a">Incipit: "الحمد لله مفيض الانوار وفاتح الابصار وكاشف الاسرار ورافع الاستار ... اما بعد فقد سألتني ايها الاخ الكريم فيضك الله لطلب السعادة الكبرى ...."</subfield></datafield><datafield tag="500" ind1=" " ind2=" "><subfield code="a">Title from inscription on 'title page' p.3.</subfield></datafield><datafield tag="500" ind1=" " ind2=" "><subfield code="a">Ms. codex.</subfield></datafield><datafield tag="510" ind1="4" ind2=" "><subfield code="a">Brockelmann, C. GAL,</subfield><subfield code="c">I 419 ff. ; S I 744 ff.</subfield></datafield><datafield tag="520" ind1="8" ind2=" "><subfield code="a">Careful though incomplete copy of al-Ghazālī's (d.1111) celebrated work on Ṣūfistic theory, arranged in six sections.</subfield></datafield><datafield tag="538" ind1=" " ind2=" "><subfield code="a">Mode of access: Internet.</subfield></datafield><datafield tag="541" ind1=" " ind2=" "><subfield code="a">Acquired in the Fall of 1950.</subfield></datafield><datafield tag="546" ind1=" " ind2=" "><subfield code="a">Arabic.</subfield></datafield><datafield tag="561" ind1=" " ind2=" "><subfield code="a">On upper pastedown label with ex libris of James Heyworth-Dunne (d.1974), stamped with inventory number, "Ex Libris | J. Heyworth-Dunne | D. Lit. (London) | No 7953" ; UM Library inscription on 'title page' (p.3) "Dunning | Heyworth-Dunne | 6-13-51 | 71955" ; possible former inventory mark in pencil on verso of final leaf p.54 "231 / 53" ; occasional marginal glosses.</subfield></datafield><datafield tag="630" ind1="0" ind2="0"><subfield code="a">Qurʼan.</subfield><subfield code="p">Sūrat al-Nūr</subfield><subfield code="x">Criticism, interpretation, etc.</subfield></datafield><datafield tag="650" ind1=" " ind2="0"><subfield code="a">Manuscripts, Arabic</subfield><subfield code="z">Michigan</subfield><subfield code="z">Ann Arbor.</subfield></datafield><datafield tag="650" ind1=" " ind2="0"><subfield code="a">Sufism</subfield><subfield code="x">Doctrines</subfield><subfield code="v">Early works to 1800.</subfield></datafield><datafield tag="700" ind1="1" ind2=" "><subfield code="a">Heyworth-Dunne, J.</subfield><subfield code="q">(James),</subfield><subfield code="e">former owner.</subfield></datafield><datafield tag="773" ind1="0" ind2=" "><subfield code="a">Heyworth-Dunne Collection.</subfield></datafield><datafield tag="880" ind1="1" ind2="0"><subfield code="6">245-03/</subfield><subfield code="a">كتاب مشكاة الانوار في التوحيد وقسم المكاشفة من قسمي علوم الصوفية,</subfield><subfield code="f">[193-م؟].</subfield></datafield><datafield tag="880" ind1="1" ind2="0"><subfield code="6">240-02/</subfield><subfield code="a">مشكاة الانوار</subfield></datafield><datafield tag="880" ind1="0" ind2=" "><subfield code="6">100-01/</subfield><subfield code="a">غزالي.</subfield></datafield><datafield tag="CID" ind1=" " ind2=" "><subfield code="a">006819128</subfield></datafield><datafield tag="DAT" ind1="0" ind2=" "><subfield code="a">20190719102639.0</subfield><subfield code="b">20190719000000.0</subfield></datafield><datafield tag="DAT" ind1="1" ind2=" "><subfield code="a">20190719090653.0</subfield><subfield code="b">2019-07-19T16:12:08Z</subfield></datafield><datafield tag="DAT" ind1="2" ind2=" "><subfield code="a">2015-10-02T18:00:03Z</subfield></datafield><datafield tag="CAT" ind1=" " ind2=" "><subfield code="a">SDR-MIU</subfield><subfield code="d">EX LIBRIS - ALEPH</subfield><subfield code="l">prepare.pl-004-008</subfield></datafield><datafield tag="FMT" ind1=" " ind2=" "><subfield code="a">BK</subfield></datafield><datafield tag="HOL" ind1=" " ind2=" "><subfield code="0">sdr-miu006819128</subfield><subfield code="a">MiU</subfield><subfield code="b">SDR</subfield><subfield code="c">MIU</subfield><subfield code="p">mdp.39015079130269</subfield><subfield code="s">MIU</subfield><subfield code="1">006819128</subfield></datafield><datafield tag="974" ind1=" " ind2=" "><subfield code="b">MIU</subfield><subfield code="c">MIU</subfield><subfield code="d">20190719</subfield><subfield code="s">lit-dlps-dc</subfield><subfield code="u">mdp.39015079130269</subfield><subfield code="y">1939</subfield><subfield code="r">ic-world</subfield><subfield code="q">man</subfield></datafield></record></collection>